@article{dahman,
    author =       "Karim Dahman",
    title =        "Bridging the Gap between the Business Processes and the Service Oriented Architecture",
    journal =      "Inria Nancy - Grand Est, LORIA - NSS - Department of Networks, Systems and Services",
    year =         "2011",
    DOI =          "https://hal.archives-ouvertes.fr/inria-00608230/",
    keywords =     "physics"
}
 
@book{ddd,
    title={Domain-Driven Design - Tackling Complexity in the Heart of Software},
    author={Eric Evans},
    isbn={0-321-12521-5},
    series={International series of monographs on physics},
    year={2003},
    publisher={Addison Wesley},

}
 
@online{processus,
    author    = "Stephanie Bauche",
    title     = "Sur la modélisation des processus métiers",
    url       = "http://bauche.stephanie.free.fr/documents/BPMN_memoireMaster2_StephanieBauche_vInternet.pdf",

}
 
@book{domain,
    title={Domain-Specific Modeling: Enabling Full Code Generation},
    author={Steven Kelly, Juha-Pekka Tolvanen},
    isbn={978-0-470-03666-2},
    series={Wiley-IEEE Computer Society Press},
    year={2008},

}