
%%%% LIVRES %%%%
@book{livre1,
    title={Ingénierie des exigences: Méthodes et bonnes pratiques pour construire et maintenir un référentiel},
    author={Stéphane Badreau, Jean-Louis Boulanger},
    isbn={978-2-10-071340-0},
    publisher={DUNOD},
    year={2014},

}

@book{livre2,
    title={Software Requirements},
    author={Karl Wiegers, Joy Beatty},
    isbn={978-0-7356-7966-5},
    series={Microsoft Press},
    year={2013},

}

@book{livre3,
    author =       {Iris Reinhartz-Berger,Arnon Sturm, Yair Wand},
    title =        {Domain Engineering},
    year =         {2011},
    publisher={Springer},
    isbn={978-1-84996-404-3}
}
 
@book{livre4,
    author =       {Elizabeth Hull, Ken Jackson, Jeremy Dick},
    title =        {Requirements Engineering},
    year =         {2010},
    publisher={Springer},
    DOI={https://doi.org/10.1007/978-3-642-36654-3},
    isbn={978-3-642-36654-3}
}
@book{ddd,
    title={Domain-Driven Design - Tackling Complexity in the Heart of Software},
    author={Eric Evans},
    isbn={0-321-12521-5},
    series={International series of monographs on physics},
    year={2003},
    publisher={Addison Wesley},

}

%%%%%% ARTICLE %%%%%%%%
@article{article1,
    author =       "Olga De Troyer and Erik Janssens",
    title =        "A feature modeling approach for domain-specific requirement elicitation",
    journal =      "Dept. Computer Science Vrije Universiteit Brussel",
    year =         "2014",
    DOI =          "https://www.researchgate.net/publication/286138717_A_feature_modeling_approach_for_domain-specific_requirement_elicitation",
    
}
@article{article2,
    author =       "C. Coulin, D. Zowghi, and A. E. K. Sahraoui",
    title =        "Centric Situational Approach for the Early Stages of Requirements Elicitation in Software Systems Development",
    journal =      "Proceedings of the International Workshop on Situational Requirements Engineering Processes (SREP 2005), France",
    year =         "2005",
    }
    
@article{article3,
    author =       "Barret R.Bryant, Jeff Gray and Marjan Mernik",
    title =        "Domain-specific software engineering",
    journal =      "Conference Paper",
    year =         "2010",
}
@article{article4,
    author =       "Arie van Deursen, Paul Klint and Joost Visser",
    title =        "Domain-Specific Languages : An Annotated Bibliography",
    journal =      "Newsletter ACM SIGPLAN Notices Homepage archive Volume 35 Issue 6, Pages 26 - 36 ",
    year =         "2000",
}

@article{article5,
    author =       "Barret R.Bryant, Jeff Gray and Marjan Mernik",
    title =        "A domain specific Requirements Model for Scientific Computing : NIER Track",
    journal =      "IEEE",
    year =         "2011",
    DOI="10.1145/1985793.1985922",
}

@article{article6,
    author =       "Grigori MelnikKris ReadFrank Maurer",
    title =        "Suitability of FIT User Acceptance Tests for Specifying Functional Requirements: Developer Perspective",
    journal =      " Extreme Programming and Agile Methods - XP/Agile Universe 2004 ",
    year =         "2004",
}

@article{article7,
    author = "Felderer, Michael and Zech, Philipp and Fiedler, Frank and Breu, Ruth",
    year = "2010",
    title = "A Tool-Based Methodology for System Testing of Service-Oriented Systems",
    journal = "2010 Second International Conference on Advances in System Testing and Validation Lifecycle",
}

@article{article8,
    author = "M. Dhineshkumar,Galeebathullah",
    year = "2014",
    title = "An Approach to Generate Test Cases from Sequence Diagram",
    journal="Intelligent Computing Applications (ICICA), 2014 International Conference",
}

@article{article9,
    author = "Vikas Panthi, Durga Prasad Mohapatra",
    year = "2012",
    title = "Automatic Test Case Generation using Sequence Diagram",
    journal="Advances in Intelligent Systems and Computing book series (AISC, volume 174)"
}

@article{article10,
    author = "Debasish Kundu and Debasis Samanta",
    year = "2008",
    title = "A Novel Approach to Generate Test Cases from UML Activity Diagrams",
    journal="Journal of Object Technology"
}
    
@article{article11,
    author = "Emin Gün Sirer, Brian N. Bershad",
    year = "1999",
    title = "Using Production Grammars in Software Testing",
    journal="Proceedings of the 2nd conference on Domain-specific languages"
}

@article{article12,
    author = "Kyungsoo Im,Tacksoo Im,John D. McGregor",
    year = "2008",
    title = "Automating Test Case Definition Using a Domain Specific Language",
}

@article{article13,
    author =       "Michael Felderer,Ruth Breu, Joanna Chimiak–Opoka, Michael Breu, Felix Schupp",
    title =        "CONCEPTS FOR MODEL–BASED REQUIREMENTS TESTING OF SERVICE ORIENTED SYSTEMS",
    journal =      "Research Gate",
    year =         "2015",
}

@article{article14,
    author =       "Robert Valette",
    title =        "Les Réseaux de Pétri",
    journal =      "LAAS-CNRS",
    year =         "2000",

}
@article{article15,
    author =       "Dianxiang Xu",
    title =        "A Tool for Automated Test Code Generation from High-Level Petri Nets ",
    journal =      "National Center for the Protection of the Financial Infrastructure,Dakota State University ",
    year =         "2011",
}

%%% ONLINE %%%%

@online{pdf1,
    author    = "Neil Potter,Mary Sakry",
    title     = "Software Requirements",
    url       = "http://processgroup.com/software-requirements-v10-full.pdf",

}

@online{pres1,
    author    = "Stephane BADREAU",
    title     = "Ingénierie des exigences, comment construire et maintenair un référentiel ?",
    url       = "https://www.iae-paris.org/global/gene/link.php?doc_id=2018&fg=1",

}
 @online{fit,
    title     = "FIT: The Framework for Integrated Testing Documentation. Online",
    url       = "http://fit.c2.com/wiki.cgi?",
}

 @online{fitnesse,
    title     = "FitNesse",
    url       = "http://docs.fitnesse.org/FrontPage",

}

 @online{DTD,
    title     = "Data Flow Diagram",
    url       = "https://www.lucidchart.com/pages/data-flow-diagram",

}
 @online{sysml,
    title     = "SysML",
    url       = "http://www.uml-sysml.org/sysml",
    author =""

}
 @online{diagexi,
    title     = "Diagramme d'exigences",
    url       = "http://eduscol.education.fr/sti/sites/eduscol.education.fr.sti/files/ressources/techniques/979/979-179-p100.pdf",
    author    = "DIDIER FAGNON, STÉPHANE GASTON"

}
 @online{fixture,
    title     = "Test Fixture",
    url       = "https://fr.wikipedia.org/wiki/Test_fixture",
    author = "Pautard"

}
 @online{Gestion,
    title     = "Cours gestion des exigences",
    url       = "https://services.renater.fr/_media/sourcesup/formation/cdp_coursgestionexigences.pdf",
    author = "Wembla Conseil"

}
